<record><leader>00000cas a22000007a 4500</leader><controlfield tag="001">23739950</controlfield><controlfield tag="008">910514d19171923nyuwr ne      0    0eng d</controlfield><datafield ind1=" " ind2=" " tag="010"><subfield code="a">sn 91066530 </subfield></datafield><datafield ind1=" " ind2=" " tag="040"><subfield code="a">NYS</subfield><subfield code="b">eng</subfield><subfield code="c">NYS</subfield><subfield code="d">OCLCQ</subfield></datafield><datafield ind1=" " ind2=" " tag="042"><subfield code="a">msc</subfield></datafield><datafield ind1="0" ind2="4" tag="245"><subfield code="a">The Red Hook times.</subfield></datafield><datafield ind1=" " ind2=" " tag="260"><subfield code="a">Red Hook, N.Y. :</subfield><subfield code="b">Herman Dean,</subfield><subfield code="c">1917-1923.</subfield></datafield><datafield ind1=" " ind2=" " tag="300"><subfield code="a">5 v. ;</subfield><subfield code="c">57-64 cm.</subfield></datafield><datafield ind1=" " ind2=" " tag="310"><subfield code="a">Weekly</subfield></datafield><datafield ind1="0" ind2=" " tag="362"><subfield code="a">Vol. 1, no. 1 (Feb. 22, 1917)-v. 5, no. 10 (Apr. 28, 1923).</subfield></datafield><datafield ind1=" " ind2=" " tag="500"><subfield code="a">Publisher: Red Hook Times Inc., Feb. 7, 1920-</subfield></datafield><datafield ind1=" " ind2=" " tag="500"><subfield code="a">Editor: A.H. Mattice, &lt;1917&gt;-</subfield></datafield><datafield ind1=" " ind2="4" tag="651"><subfield code="a">Red Hook (N.Y.)</subfield><subfield code="v">Newspapers.</subfield></datafield><datafield ind1=" " ind2=" " tag="752"><subfield code="a">United States</subfield><subfield code="b">New York</subfield><subfield code="c">Dutchess</subfield><subfield code="d">Red Hook.</subfield></datafield><datafield ind1="0" ind2="7" tag="785"><subfield code="t">Rhinebeck gazette (Rhinebeck, N.Y. : 1863)</subfield><subfield code="w">(DLC)sn 83031744</subfield><subfield code="w">(OCoLC)10042026</subfield></datafield><datafield ind1="0" ind2="7" tag="785"><subfield code="t">Rhinebeck gazette and Red Hook times</subfield><subfield code="w">(DLC)sn 88075761</subfield><subfield code="w">(OCoLC)18515492</subfield></datafield><datafield ind1="1" ind2=" " tag="029"><subfield code="a">AU@</subfield><subfield code="b">000025908706</subfield></datafield></record>